<record xmlns="http://www.loc.gov/MARC21/slim" xmlns:xsi="http://www.w3.org/2001/XMLSchema-instance" xsi:schemaLocation="http://www.loc.gov/MARC21/slim http://www.loc.gov/standards/marcxml/schema/MARC21slim.xsd">

  <leader>00406nam a2200145Ia 4500</leader>
  <datafield ind1=" " tag="999" ind2=" ">
    <subfield code="c">1188</subfield>
    <subfield code="d">1188</subfield>
  </datafield>
  <controlfield tag="008">170504b1972    u  ||||| |||| 00| 0 eng d</controlfield>
  <datafield ind1=" " tag="090" ind2=" ">
    <subfield code="a">507 </subfield>
    <subfield code="b">N935s</subfield>
  </datafield>
  <datafield ind1="1" tag="100" ind2=" ">
    <subfield code="9">662</subfield>
    <subfield code="a">Novak D., Joseph</subfield>
  </datafield>
  <datafield ind2="2" tag="245" ind1="1">
    <subfield code="a">A summary of research in science education for 1972</subfield>
  </datafield>
  <datafield tag="260" ind2=" " ind1=" ">
    <subfield code="a">Ohio, Estados Unidos : </subfield>
    <subfield code="b">ERIC, </subfield>
    <subfield code="c"> 1972</subfield>
  </datafield>
  <datafield tag="300" ind2=" " ind1=" ">
    <subfield code="a">107 páginas</subfield>
  </datafield>
  <datafield ind1=" " tag="650" ind2="0">
    <subfield code="a">CIENCIA</subfield>
    <subfield code="9">890</subfield>
  </datafield>
  <datafield ind1=" " ind2="0" tag="650">
    <subfield code="a">ENSEÑANZA</subfield>
    <subfield code="9">14</subfield>
  </datafield>
  <datafield ind1=" " ind2=" " tag="942">
    <subfield code="2">z</subfield>
    <subfield code="c">01</subfield>
  </datafield>
</record>